@Article{a,
  title ="Detecting, tracking and counting fish in low quality unconstrained underwater videos",
  author="Spampinato, C. and Chen-Burger,Y.H. and Nadarajan,G. and Fisher,R.",
  journal="VISAPP (2)",
  pages="514--519",
  year="2008",
  publisher="Citeseer"
}

@Article{b,
  title="Video tracking: a concise survey",
  author="Trucco E. and Plakas K.",
  journal="Oceanic Engineering, IEEE Journal",
  volume="31",
  number="2",
  pages="520--529",
  year="2006",
  publisher="IEEE"
}

@Article{c,
  title="One fish, two fish, butterfish, trumpeter: Recognizing fish in underwater video",
  author="A. Rova and G. Mori and L.M. Dill",  
  journal="http://www.cvl.iis.u-tokyo.ac.jp/mva/proceedings/2007CD/papers/11-02.pdf"
}

@Article{d,
  title="Tracking of Multiple Worms and Fish for Biological Studies",
  author="Ebraheem Fontaine and Alan Barr and Joel Burdick",
  journal="http://www.cvl.iis.u-tokyo.ac.jp/mva/proceedings/2007CD/papers/11-02.pdf"
}

@Article{e,
  title="Two Algorithms for Motion Estimation from Alternate Exposure Images",
  author="Anita Sellent and Martin Eisemann and Marcus Magnor",
  journal="Institut fur Computergraphik, TU Braunschweig, Germany"
}

@Article{f,
  title="Méthodes de suivi d’un objet en mouvement sur une vidéo",
  author="Anne-Claire Maheo and Raul Montoliu Colas",
  journal="Département d’ingénierie et des sciences informatiques, Institut Supérieur de l’Électronique et du Numérique"
}

@Article{g,
  title="Fish Detection and Tracking",
  author="A. Faro and D. Giordano and S. Palazzo and C. Spampinato",
  journal="IST – 257024 – Fish4Knowledge"
}

@Article{h,
  title="Object Matching Using Deformable Templates",
  author="A.K. Jain and Fellow IEEE and Y. Zhong and S. Lakshmanan",
  journal="Oceanic Engineering, IEEE Journal",
  year="1996",
  publisher="IEEE"
}

@Article{i,
  title = "Introduction to Video and Image Processing",
  author = "T.B. Moeslund",
  journal = "Undergraduate Topics in Computer Science",
  year = "2012",
  publisher = "Springer-Verlag London"
}

@Article{j,
  title = "Topological Structural Analysis of digitized Binary Images by Border Following",
  author = "Satoshi Suzuki and Keiichi Abe",
  journal = "Computer Vision, Graphics and Image Processing",
  year = "1985",
}

@Article{k,
  title = "Moving Object Tracking in Video",
  author = "Yiwei Wang and John Doherty and Robert Van Dyck",
  journal = "Department of Electrical Engineering, The Pennsylvania State University, National Institute of Standards and Technology",
  year = "",
  publisher = ""
}

@Article{l,
  title = "Object Tracking in a Video Sequence, CS 229 Final Project Report",
  author = "Young Min Kim",
  journal = "CS 229, Stanford University",
  year = "",
  publisher = "Stanford University"
}

@Article{m,
  title = "Block Matching for Object Tracking",
  author = "A. Gyaourova and C. Kamath and S.-C. Cheung",
  journal = "Lawrence LiverMore National Laboratory",
  year = "2003",
  publisher = "Lawrence LiverMore National Laboratory"
}

@Book{n,
  title = "Numerical Recipes the art of scientific computing",
  number = "3",
  author = "William H. Press and Saul A. Teukolsky and William T. Vetterling and Brian P. Flannery",
  year = "2007",
  publisher = "Cambridge University Press"
}

@Article{o,
  title = "Good Features to Track",
  author = "J. Shi and C. Tomasi",
  journal = "9th IEEE Conference on Computer Vision and Pattern Recognition",
  year = "1994",
  publisher = "Springer"
}

@Article{p,
  title = "A Computational Approach To Edge Detection",
  author = "J. Canny",
  journal = "IEEE Transactions on Pattern Analysis and Machine Intelligence",
  number="8",
  pages="679--714",
  year = "1986"
}

@Article{q,
  title = "A combined corner and edge detector",
  author = "C. Harris and M. Stephens",
  journal = "Proceedings of the 4th Alvey Vision Conference",
  pages="147-151",
  year = "1988"
  publisher = "The Plessey Company plc."
}

@Article{r,
  title = "Ondelettes et problèmes mal posés : la mesure du flot optique et l’interpolation irrégulière",
  author = "Christophe Bernard",
  journal = "Thèse de l'École Polytechnique",
  year = "1999"
  publisher = "École des Mines de Paris "
}

@Book{s,
  title = "Digital image processing",
  number = "2",
  author = "Rafael C. Gonzalez and Richard E. Woods",
  year = "2002",
  publisher = "Prentice-Hall Inc."
}